<?xml version="1.0" encoding="UTF-8"?><record xmlns="http://www.loc.gov/MARC21/slim" xmlns:cinclude="http://apache.org/cocoon/include/1.0" xmlns:zs="http://www.loc.gov/zing/srw/">
  <leader>00398nz  a2200133n  4500</leader>
  <controlfield tag="001">no2007074534</controlfield>
  <controlfield tag="003">DLC</controlfield>
  <controlfield tag="005">20070707075116.0</controlfield>
  <controlfield tag="008">070705n| acannaabn          |n aaa     c</controlfield>
  <datafield tag="010" ind1=" " ind2=" ">
    <subfield code="a">no2007074534</subfield>
  </datafield>
  <datafield tag="035" ind1=" " ind2=" ">
    <subfield code="a">(OCoLC)oca07455353</subfield>
  </datafield>
  <datafield tag="040" ind1=" " ind2=" ">
    <subfield code="a">NN</subfield>
    <subfield code="b">eng</subfield>
    <subfield code="c">NN</subfield>
  </datafield>
  <datafield tag="100" ind1="1" ind2=" ">
    <subfield code="a">Coubèche, Saïd Ali,</subfield>
    <subfield code="d">1917-</subfield>
  </datafield>
  <datafield tag="670" ind1=" " ind2=" ">
    <subfield code="a">Saïd Ali Coubèche, 2006:</subfield>
    <subfield code="b">p. 4 of cover (Saïd Ali Coubèche né à Djibouti en 1917)</subfield>
  </datafield>
</record>